<collection xmlns="http://www.loc.gov/MARC21/slim">
<record>
  <leader>01037nam0a22002291i 450 </leader>
  <controlfield tag="001">IT\ICCU\CNCE\024958</controlfield>
  <controlfield tag="005">20140410000000.0</controlfield>
  <datafield tag="012" ind1=" " ind2=" ">
    <subfield code="a">o.s. i.la 9.io tole (S) 1599 (Q)</subfield>
    <subfield code="2">fei</subfield>
  </datafield>
  <datafield tag="100" ind1=" " ind2=" ">
    <subfield code="a">19970918f1599        0itac0103    ba</subfield>
  </datafield>
  <datafield tag="101" ind1=" " ind2=" ">
    <subfield code="a">ITA</subfield>
  </datafield>
  <datafield tag="102" ind1=" " ind2=" ">
    <subfield code="a">IT</subfield>
  </datafield>
  <datafield tag="200" ind1="1" ind2=" ">
    <subfield code="a">Intendendo noi con nostro gran dispiacer essersi scoperto il male contagioso nel luogo di Chiuasso, et Settimo Turinese ... habbiamo ordinato, che per giorni quindeci ... non s&apos;admetta alcuno ... che venghi di l ̉da Dora ...</subfield>
  </datafield>
  <datafield tag="210" ind1=" " ind2=" ">
    <subfield code="a">In Vercelli</subfield>
    <subfield code="c">appresso Hieronimo Allario</subfield>
    <subfield code="d">&amp; Gioseppe Ferrero</subfield>
    <subfield code="d">\1599!</subfield>
  </datafield>
  <datafield tag="215" ind1=" " ind2=" ">
    <subfield code="a">1 manifesto</subfield>
    <subfield code="d">1/2</subfield>
  </datafield>
  <datafield tag="300" ind1=" " ind2=" ">
    <subfield code="a">Data di emanazione: 6 giugno 1599</subfield>
  </datafield>
  <datafield tag="620" ind1=" " ind2=" ">
    <subfield code="a">IT</subfield>
    <subfield code="d">Vercelli</subfield>
  </datafield>
  <datafield tag="710" ind1="0" ind2="2">
    <subfield code="a">Vercelli</subfield>
    <subfield code="3">7300</subfield>
  </datafield>
  <datafield tag="712" ind1="0" ind2="0">
    <subfield code="a">Allario, Girolamo &amp; Ferrero, Giuseppe</subfield>
    <subfield code="3">IT\ICCU\CNCT\002321</subfield>
    <subfield code="4">650</subfield>
  </datafield>
  <datafield tag="790" ind1=" " ind2="0">
    <subfield code="a">Civitas Vercellarum</subfield>
    <subfield code="3">IT\ICCU\CNCA\025051</subfield>
    <subfield code="z">Vercelli</subfield>
  </datafield>
  <datafield tag="791" ind1="0" ind2="0">
    <subfield code="a">Ferrero, Giuseppe</subfield>
    <subfield code="3">IT\ICCU\CNCT\002322</subfield>
    <subfield code="z">Allario, Girolamo &amp; Ferrero, Giuseppe</subfield>
  </datafield>
  <datafield tag="801" ind1=" " ind2="3">
    <subfield code="a">IT</subfield>
    <subfield code="b">ICCU</subfield>
    <subfield code="c">20201114</subfield>
  </datafield>
  <datafield tag="899" ind1=" " ind2=" ">
    <subfield code="a">Biblioteca civica. Vercelli</subfield>
    <subfield code="1">VC0073</subfield>
    <subfield code="2">TO0 A2</subfield>
  </datafield>
</record>
</collection>
